<record><leader>00000cas a22000007a 4500</leader><controlfield tag="001">18782336</controlfield><controlfield tag="008">881118d19621963pauwr ne      0    0eng d</controlfield><datafield ind1=" " ind2=" " tag="010"><subfield code="a">sn 88079567 </subfield></datafield><datafield ind1=" " ind2=" " tag="040"><subfield code="a">NPH</subfield><subfield code="b">eng</subfield><subfield code="c">NPH</subfield><subfield code="d">OCLCQ</subfield></datafield><datafield ind1=" " ind2=" " tag="042"><subfield code="a">msc</subfield></datafield><datafield ind1="0" ind2="0" tag="245"><subfield code="a">Metro leader.</subfield></datafield><datafield ind1=" " ind2=" " tag="260"><subfield code="a">[Erie, Pa.] :</subfield><subfield code="b">Len Kholos,</subfield><subfield code="c">1962-</subfield></datafield><datafield ind1=" " ind2=" " tag="300"><subfield code="a">v. :</subfield><subfield code="b">ill.</subfield></datafield><datafield ind1=" " ind2=" " tag="310"><subfield code="a">Weekly</subfield></datafield><datafield ind1="0" ind2=" " tag="362"><subfield code="a">Vol. 2, no. 52 (May 3, 1962)-</subfield></datafield><datafield ind1="1" ind2=" " tag="362"><subfield code="a">Ceased in 1963.</subfield></datafield><datafield ind1=" " ind2=" " tag="752"><subfield code="a">United States</subfield><subfield code="b">Pennsylvania</subfield><subfield code="c">Erie</subfield><subfield code="d">Erie.</subfield></datafield><datafield ind1="0" ind2="0" tag="780"><subfield code="t">Metropolitan leader</subfield><subfield code="w">(DLC)sn 88079568</subfield></datafield><datafield ind1="0" ind2="7" tag="785"><subfield code="t">Vindicator (Presque Isle, Pa.)</subfield><subfield code="w">(DLC)sn 88079565</subfield></datafield><datafield ind1="0" ind2="7" tag="785"><subfield code="t">Leader (Presque Isle, Pa.)</subfield><subfield code="w">(DLC)sn 88079566</subfield></datafield></record>